<collection xmlns="http://www.loc.gov/MARC21/slim">
<record>
  <leader>00479na 0a22001211i 450 </leader>
  <controlfield tag="001">IT\ICCU\CNCE\064741</controlfield>
  <controlfield tag="005">20061025000000.0</controlfield>
  <datafield tag="100" ind1=" " ind2=" ">
    <subfield code="a">20060616             0itac0103    ba</subfield>
  </datafield>
  <datafield tag="101" ind1=" " ind2=" ">
    <subfield code="a">LAT</subfield>
  </datafield>
  <datafield tag="200" ind1="1" ind2=" ">
    <subfield code="a">℗Raffaelis Maffei Veneti ... ℗Sermones dominicarum V et VI post Epiphaniam, et XXV post Trinitatem ...</subfield>
  </datafield>
  <datafield tag="700" ind1=" " ind2="1">
    <subfield code="a">Maffei,</subfield>
    <subfield code="b">Raffaele</subfield>
    <subfield code="c"> &lt;m. 1577&gt;</subfield>
    <subfield code="3">IT\ICCU\CNCA\000209</subfield>
  </datafield>
  <datafield tag="790" ind1=" " ind2="1">
    <subfield code="a">Maffaeus,</subfield>
    <subfield code="b">Raffael</subfield>
    <subfield code="c"> &lt;m. 1577&gt;</subfield>
    <subfield code="3">IT\ICCU\CNCA\022877</subfield>
    <subfield code="z">Maffei, Raffaele &lt;m. 1577&gt;</subfield>
  </datafield>
  <datafield tag="801" ind1=" " ind2="3">
    <subfield code="a">IT</subfield>
    <subfield code="b">ICCU</subfield>
    <subfield code="c">20201115</subfield>
  </datafield>
</record>
</collection>
